@book{algDsgn,
  title={The Algorithm Design Manual},
  author={SKIENA, S.},
  year={2008},
  publisher={Springer}
}