@book{graham1994concrete,
  title={Concrete Mathematics: Foundation for Computer Science},
  author={GRAHAM, R.L.A. and KNUTH, D.E.A. and PATASHNIK, O.},
  isbn={9780201558029},
  lccn={93040325},
  series={A foundation for computer science},
  url={http://books.google.com.co/books?id=pntQAAAAMAAJ},
  year={1994},
  publisher={Addison-Wesley}
}
