@misc{udacs101,
  title={CS101: Introduction to Computer Science},
  author={EVANS, D.},
  url={http://www.udacity.com/course/cs101},
  note={Udacity Course},
  howpublished={Online},
  year={2012}
}
