@misc{discretemath,
  title={Discrete Mathematics: Lecture notes},
  author={Lovasz L., Vesztergombi K.},
  url={https://www.cims.nyu.edu/~regev/teaching/discrete_math_fall_2005/dmbook.pdf},
  howpublished={Online},
  year={1999}
}
