@book{doom,
  title={Masters of Doom},
  author={KUSHNER, D.},
  year={2003},
  publisher={Random House Trade Paperback}
}
