@book{evansIntro,
  title={Introduction to Computing: Explorations in Language, Logic, and Machines},
  author={EVANS, D.},
  url={http://computingbook.org},
  year={2011},
  publisher={University of Virginia}
}
