@book{introVectors,
  title={An introduction to vectors},
  author={Frank D and Nykamp DQ},
  url={https://mathinsight.org/vector_introduction},
  publisher={Math Insight}
}
